
@article{DP15,
  title = {Weak Cat-Operads},
  author = {Do{\v s}en, Kosta and Petri{\'c}, Zoran},
  year = {2015},
  journal = {Logical Methods in Computer Science},
  volume = {11},
  number = {1},
  pages = {1--23}
}

@article{KhariKhoro20,
  title = {Gr\"obner Bases for Coloured Operads},
  author = {Kharitonov, Vladislav and Koroshkin, Anton},
  year = {2020},
  journal = {ArXiv e-prints},
  eprint = {2008.05295v1},
  pages = {\texttt{arXiv:2008.05295}},
}

@article{LA21,
  title = {The Diagonal of the Operahedra},
  author = {{Laplante-Anfossi}, Guillaume},
  year = {2022},
  journal = {Advances in Mathematics},
  pages = {to appear}
}

@book{LodayVallette12,
  title = {Algebraic Operads},
  author = {Loday, Jean-Louis and Vallette, Bruno},
  year = {2012},
  series = {Grundlehren Der Mathematischen Wissenschaften [{{Fundamental}} Principles of Mathematical Sciences]},
  volume = {346},
  pages = {xviii+512},
  publisher = {{Springer-Verlag}},
  address = {{Berlin}}
}

@article{Markl19,
  title = {Permutads via Operadic Categories, and the Hidden Associahedron},
  author = {Markl, Martin},
  year = {2020},
  journal = {J. Comb. Theory, Ser. A},
  volume = {175},
  pages = {105277}
}

@article{OEIS,
  author  = {OEIS},
  title   = {The On-Line Encyclopedia of Integer Sequences},
  pages = {Published electronically at \texttt{http://oeis.org}},
  year            = {2022}
}

@article{kajitani1982number,
  title={On the number of essential complementary partitions},
  author={Kajitani, YOJI and Ueno, S and Chen, Wai-Kai},
  journal={IEEE Transactions on Circuits and Systems},
  volume={29},
  number={8},
  pages={572--574},
  year={1982},
  publisher={IEEE}
}

@article{chen1971tables,
  title={Tables of essential complementary partitions},
  author={Chen, Wai-Kai and Goyal, I},
  journal={IEEE Transactions on Circuit Theory},
  volume={18},
  number={5},
  pages={562--563},
  year={1971},
  publisher={IEEE}
}

@article{chen1969computer,
  title={Computer generation of trees and co-trees in a cascade of multiterminal networks},
  author={Chen, Wai-Kai},
  journal={IEEE Transactions on Circuit Theory},
  volume={16},
  number={4},
  pages={518--526},
  year={1969},
  publisher={IEEE}
}

