
@article{DP15,
  title = {Weak Cat-Operads},
  author = {Do{\v s}en, Kosta and Petri{\'c}, Zoran},
  year = {2015},
  journal = {Logical Methods in Computer Science},
  volume = {11},
  number = {1},
  pages = {1--23}
}

@article{KhariKhoro20,
  title = {Gr\"obner Bases for Coloured Operads},
  author = {Kharitonov, Vladislav and Koroshkin, Anton},
  year = {2020},
  journal = {ArXiv e-prints},
  eprint = {2008.05295v1},
  pages = {\texttt{arXiv:2008.05295}},
}


@book{LodayVallette12,
  title = {Algebraic Operads},
  author = {Loday, Jean-Louis and Vallette, Bruno},
  year = {2012},
  series = {Grundlehren Der Mathematischen Wissenschaften [{{Fundamental}} Principles of Mathematical Sciences]},
  volume = {346},
  pages = {xviii+512},
  publisher = {{Springer-Verlag}},
  address = {{Berlin}}
}

@article{Markl19,
  title = {Permutads via Operadic Categories, and the Hidden Associahedron},
  author = {Markl, Martin},
  year = {2020},
  journal = {J. Comb. Theory, Ser. A},
  volume = {175},
  pages = {105277}
}

@article{OEIS,
  author  = {OEIS},
  title   = {The On-Line Encyclopedia of Integer Sequences},
  pages = {Published electronically at \texttt{http://oeis.org}},
  year            = {2022}
}

@article{kajitani1982number,
  title={On the number of essential complementary partitions},
  author={Kajitani, YOJI and Ueno, S and Chen, Wai-Kai},
  journal={IEEE Transactions on Circuits and Systems},
  volume={29},
  number={8},
  pages={572--574},
  year={1982},
  publisher={IEEE}
}

@article{chen1971tables,
  title={Tables of essential complementary partitions},
  author={Chen, Wai-Kai and Goyal, I},
  journal={IEEE Transactions on Circuit Theory},
  volume={18},
  number={5},
  pages={562--563},
  year={1971},
  publisher={IEEE}
}

@article{chen1969computer,
  title={Computer generation of trees and co-trees in a cascade of multiterminal networks},
  author={Chen, Wai-Kai},
  journal={IEEE Transactions on Circuit Theory},
  volume={16},
  number={4},
  pages={518--526},
  year={1969},
  publisher={IEEE}
}

@misc{saneblidzeComparingDiagonalsAssociahedra2022,
  title = {Comparing {{Diagonals}} on the {{Associahedra}}},
  author = {Saneblidze, Samson and Umble, Ronald},
  year = {2022},
  month = aug,
  number = {arXiv:2207.08543},
  eprint = {2207.08543},
  eprinttype = {arxiv},
  primaryclass = {math},
  publisher = {{arXiv}},
  doi = {10.48550/arXiv.2207.08543},
}

@article{SaneblidzeUmble04,
  title = {Diagonals on the Permutahedra, Multiplihedra and Associahedra},
  author = {Saneblidze, Samson and Umble, Ronald},
  year = {2004},
  journal = {Homology, Homotopy and Applications},
  volume = {6},
  number = {1},
  pages = {363--411},
  fjournal = {Homology, Homotopy and Applications}
}

@misc{vejdemo-johanssonEnumeratingSaneblidzeUmbleDiagonal2007,
  title = {Enumerating the {{Saneblidze-Umble}} Diagonal Terms},
  author = {{Vejdemo-Johansson}, Mikael},
  year = {2007},
  month = jul,
  number = {arXiv:0707.4399},
  eprint = {0707.4399},
  eprinttype = {arxiv},
  primaryclass = {math},
  publisher = {{arXiv}},
  doi = {10.48550/arXiv.0707.4399},
}

@article{LA21,
  title = {The Diagonal of the Operahedra},
  author = {{Laplante-Anfossi}, Guillaume},
  year = {2022},
  month = aug,
  journal = {Advances in Mathematics},
  volume = {405},
  pages = {108494},
  issn = {0001-8708},
  doi = {10.1016/j.aim.2022.108494},
}

@article{masudaDiagonalAssociahedra2021,
  title = {The Diagonal of the Associahedra},
  author = {Masuda, Naruki and Thomas, Hugh and Tonks, Andy and Vallette, Bruno},
  year = {2021},
  journal = {Journal de l'\'Ecole polytechnique \textemdash{} Math\'ematiques},
  volume = {8},
  pages = {121--146},
  doi = {10.5802/jep.142},
}

@article{fultonIntersectionTheoryToric1997a,
  title = {Intersection Theory on Toric Varieties},
  author = {Fulton, William and Sturmfels, Bernd},
  year = {1997},
  month = mar,
  journal = {Topology},
  volume = {36},
  number = {2},
  pages = {335--353},
  issn = {0040-9383},
  doi = {10.1016/0040-9383(96)00016-X},
}

@article{losevNewModuliSpaces2000,
  title = {New Moduli Spaces of Pointed Curves and Pencils of Flat Connections.},
  author = {Losev, A. and Manin, Y.},
  year = {2000},
  month = jan,
  journal = {Michigan Mathematical Journal},
  volume = {48},
  number = {1},
  pages = {443--472},
  publisher = {{University of Michigan, Department of Mathematics}},
  issn = {0026-2285, 1945-2365},
  doi = {10.1307/mmj/1030132728},
  abstract = {The Michigan Mathematical Journal},
}

@book{bauesGeometryLoopSpaces1980,
  title = {Geometry of Loop Spaces and the Cobar Construction},
  author = {Baues, H. J.},
  year = {1980},
  series = {Memoirs of the {{American Mathematical Society}}},
  volume = {25},
  publisher = {{American Mathematical Society}},
  issn = {0065-9266, 1947-6221},
  doi = {10.1090/memo/0230},
  abstract = {Advancing research. Creating connections.},
  isbn = {978-0-8218-2230-2 978-1-4704-0634-9},
  langid = {english}
}

@article {MazuirLA22,
  AUTHOR = {Laplante-Anfossi, Guillaume and Mazuir, Thibaut},
    TITLE = {The diagonal of the multiplihedra and the tensor product of {A}-infinity morphisms},
    year = {2023},
  journal = {Journal de l'{\'E}cole polytechnique},
  pages = {to appear},
}